@article{DuBois-phys-rev,
  title={Bose-Einstein condensation in trapped bosons: A variational Monte Carlo analysis},
  author={DuBois, J.L. and Glyde, H.R.},
  journal={Physical Review A},
  volume={63},
  number={2},
  pages={023602},
  year={2001},
  publisher={APS}
}

@article{Nilsen-phys-rev,
  title={Vortices in atomic bose-einstein condensates in the large-gas-parameter region},
  author={Nilsen, J.K. and Mur-Petit, Jordi and Guilleumas, Montserrat and
      Hjorth-Jensen, Morten and Polls, A.},
  journal={Physical Review A},
  volume={71},
  number={5},
  pages={053610},
  year={2005},
  publisher={APS}
}
@misc{mhj-compphys-II,
  author        = {Hjorth-Jensen, Morten},
  title         = {Computational Physics 2: Variational Monte Carlo methods, Lecture Notes},
  month         = {Spring},
  year          = {2018},
  howpublished  = {http://compphysics.github.io/ComputationalPhysics2/doc/web/course}
}
